@article{eubel2005,
  title={Blue-native PAGE in plants: a tool in analysis of protein-protein interactions},
  author={Eubel, Holger and Braun, Hans-Peter and Millar, AHarvey},
  journal={Plant methods},
  volume={1},
  number={1},
  pages={11},
  year={2005},
  publisher={BioMed Central}
}